<?xml version="1.0" encoding="UTF-8"?>
<collection xmlns:xsi="http://www.w3.org/2001/XMLSchema-instance" xsi:schemaLocation="http://www.loc.gov/MARC21/slim http://www.loc.gov/standards/marcxml/schema/MARC21slim.xsd" xmlns="http://www.loc.gov/MARC21/slim">
<record>
  <leader>00722nam a2200205M  4500</leader>
  <controlfield tag="001">1204519</controlfield>
  <controlfield tag="003">NNC</controlfield>
  <controlfield tag="005">20030428220018.0</controlfield>
  <controlfield tag="008">860812s1933    ua c          000 0 ara d</controlfield>
  <datafield tag="035" ind1=" " ind2=" ">
    <subfield code="a">(OCoLC)ocm23490889</subfield>
  </datafield>
  <datafield tag="035" ind1=" " ind2=" ">
    <subfield code="9">AGS7668CU</subfield>
  </datafield>
  <datafield tag="040" ind1=" " ind2=" ">
    <subfield code="a">EYM</subfield>
    <subfield code="c">EYM</subfield>
    <subfield code="d">m.c.</subfield>
    <subfield code="d">ZCU</subfield>
  </datafield>
  <datafield tag="050" ind1=" " ind2="4">
    <subfield code="a">DC41.A7</subfield>
    <subfield code="b">A78</subfield>
  </datafield>
  <datafield tag="100" ind1="1" ind2=" ">
    <subfield code="a">Arslān, Shakīb,</subfield>
    <subfield code="c">Amīr,</subfield>
    <subfield code="d">1869-1946.</subfield>
  </datafield>
  <datafield tag="245" ind1="1" ind2="0">
    <subfield code="a">Tārīkh ghazawāt al-ʻArab :</subfield>
    <subfield code="b">fī Faransā wa-siwīsirā wa-Īṭāliyā wa-Jazāʾir al-baḥr al-mutawassiṭ /</subfield>
    <subfield code="c">taʾlīf al-Amīr Shakīb Arslān.</subfield>
  </datafield>
  <datafield tag="260" ind1=" " ind2=" ">
    <subfield code="a">Miṣr :</subfield>
    <subfield code="b">Maṭbaʻat ʻĪsa al-Bābī al-Ḥalabī,</subfield>
    <subfield code="c">1933.</subfield>
  </datafield>
  <datafield tag="300" ind1=" " ind2=" ">
    <subfield code="a">307 p. :</subfield>
    <subfield code="b">port. ;</subfield>
    <subfield code="c">26 cm.</subfield>
  </datafield>
  <datafield tag="650" ind1=" " ind2="0">
    <subfield code="a">Arabs</subfield>
    <subfield code="z">France.</subfield>
  </datafield>
  <datafield tag="650" ind1=" " ind2="0">
    <subfield code="a">Arabs</subfield>
    <subfield code="z">Spain.</subfield>
  </datafield>
  <datafield tag="955" ind1=" " ind2=" ">
    <subfield code="b">0043347754</subfield>
    <subfield code="d">glx</subfield>
    <subfield code="e">DC41.A7 A78 1933g</subfield>
  </datafield>
</record>
</collection>